% This file was created with JabRef 2.3.1.

% Encoding: UTF-8

@Article{ descoteaux_regularized_2007,
	title = "Regularized, fast, and robust analytical Q-ball imaging",
	volume = "58",
	number = "3",
	journal = "Magnetic Resonance in Medicine",
	author = "M. Descoteaux and E. Angelino and S. Fitzgibbons and R. Deriche",
	year = "2007",
	pages = "497--510"
}

@Article{ rousseau_registration_2006,
	author = "F. Rousseau and O.A. Glenn and B. Iordanova and C. Rodriguez-Carranza and D.B. Vigneron and J.A. Barkovich and C. Studholme",
	title = "Registration-based approach for reconstruction of high-resolution in utero fetal {MR} brain images.",
	journal = "Acad Radiol",
	year = "2006",
	volume = "13",
	pages = "1072--1081",
	number = "9",
	month = "Sep",
	institution = "University Louis Pasteur, LSIIT, Pole API, Bd S. Brant, Illikirch, France. rousseau.@lsiit.ustrasbg.fr"
}

@Article{ coupe_2008,
	title = "An Optimized Blockwise Non Local Means Denoising Filter for 3D Magnetic Resonance Images",
	volume = "27",
	number = "4",
	journal = "IEEE Trans. Medical Imaging",
	author = "P. Coup{\'e} and P. Yger and S. Prima and P. Hellier and C. Kervrann and ~C. Barillot",
	year = "2008",
	pages = "425--441"
}

@Article{ pontabry_probabilistic_2011,
	title = "Probabilistic tractography using Q-ball imaging and particle filtering: Application to adult and in-utero fetal brain studies.",
	volume = "17",
	number = "3",
	journal = "Medical Image Analysis",
	author = "J. Pontabry and F. Rousseau and Oubel E. and Studholme C. and Koob M. and J.-L. Dietemann",
	year = "2013",
	pages = "297--310"
}

@Article{ oubel_reconstruction_2010,
	title = "Reconstruction of scattered data in fetal diffusion MRI",
	journal = "Medical Image Computing and {Computer-Assisted} Intervention",
	author = "E. Oubel and M. Koob and C. Studholme and J. Dietemann and F. Rousseau",
	year = "2010"
}

@InProceedings{ caldairou_segmentation_2011,
	author = "B. Caldairou and N. Passat and P. Habas and C. Studholme and M. Koob and J. -. Dietemann and F. Rousseau",
	year = "2011",
	title = "Data-driven cortex segmentation in reconstructed fetal MRI by using structural constraints",
	booktitle = "Computer Analysis of Images and Pattern - CAIP 2011",
	series = "Lecture Notes in Computer Science",
	volume = "6854",
	pages = "503--511"
}

@Article{ rousseau_supervised_2011,
	author = "F. Rousseau and P. Habas and C. Studholme",
	title = "A supervised patch-based approach for human brain labeling.",
	journal = "IEEE Transactions on Medical Imaging",
	year = "2011",
	volume = "30",
	pages = "1852--1862",
	number = "10",
	month = "Oct"
}

@InProceedings{ pontabry_2012_longitudinal,
	title = "Longitudinal Probabilistic Atlas of the Fetal Brain",
	booktitle = "Nouvelles m{\'e}thodologies en imagerie du vivant",
	author = "J. Pontabry and F. Rousseau and M. Schweitzer and C. Studholme and M. Koob and J.-L. Dietemann",
	year = "2012"
}

